<?xml version="1.0" encoding="UTF-8"?><collection xmlns="http://www.loc.gov/MARC21/slim"><record><leader>00402nam--2200145-i-4500</leader><controlfield tag="001">000031374</controlfield><controlfield tag="002">20161230</controlfield><controlfield tag="005">20170125143246</controlfield><controlfield tag="008">060222s1000------------r-----000-0-eng-d</controlfield><datafield ind1=" " ind2=" " tag="100"><subfield code="a">Mathieu, Jean-Paul</subfield></datafield><datafield ind1=" " ind2=" " tag="245"><subfield code="a">Spectres de vibration et symetrie des molecules et des cristaux</subfield></datafield><datafield ind1=" " ind2=" " tag="260"><subfield code="a">Paris</subfield><subfield code="b">Herman &amp; Cie</subfield><subfield code="c">1945</subfield></datafield><datafield ind1=" " ind2=" " tag="300"><subfield code="a">496 p.+ Errata + 1 Pl</subfield></datafield><datafield ind1=" " ind2=" " tag="852"><subfield code="a">759</subfield></datafield><datafield ind1=" " ind2=" " tag="CAT"><subfield code="a">SYS</subfield><subfield code="c">20170125</subfield><subfield code="h">143246</subfield></datafield></record></collection>